<?xml version="1.0" encoding="UTF-8"?><collection xmlns="http://www.loc.gov/MARC21/slim"><record><leader>00509nam--2200169-i-4500</leader><controlfield tag="001">000011605</controlfield><controlfield tag="002">20161230</controlfield><controlfield tag="005">20161230201029</controlfield><controlfield tag="008">060222s1000------------r-----000-0-eng-d</controlfield><datafield ind1=" " ind2=" " tag="040"><subfield code="a">IFIN-HH</subfield></datafield><datafield ind1=" " ind2=" " tag="080"><subfield code="a">53:1:539.1</subfield></datafield><datafield ind1="1" ind2=" " tag="100"><subfield code="a">Cantore, Enrico</subfield></datafield><datafield ind1="1" ind2="0" tag="245"><subfield code="a">Atomic order</subfield><subfield code="b">An introduction to the philosophy of microphysics</subfield><subfield code="c">Enrico cantore</subfield></datafield><datafield ind1=" " ind2=" " tag="260"><subfield code="a">Cambridge, Massahusetts</subfield><subfield code="b">The Massachusetts Institute Of Technology</subfield><subfield code="c">1969</subfield></datafield><datafield ind1=" " ind2=" " tag="300"><subfield code="a">XI + 334 P</subfield></datafield><datafield ind1=" " ind2=" " tag="852"><subfield code="a">42996</subfield><subfield code="c">539</subfield></datafield><datafield ind1=" " ind2=" " tag="CAT"><subfield code="a">Sys</subfield><subfield code="c">20111011</subfield><subfield code="h">102008</subfield></datafield></record></collection>